
%% This BibTeX bibliography file was created using BibDesk.
%% http://bibdesk.sourceforge.net/
% Encoding: UTF-8

@article{baschetti2024deep,
  author    = {Fabio Baschetti and Giacomo Bormetti and Pietro Rossi},
  title     = {Deep calibration with random grids},
  journal   = {arXiv preprint arXiv:2306.11061},
  year      = {2024}
}

@article{zaugg2024volatility,
  author    = {Nicola F. Zaugg and Leonardo Perotti and Lech A. Grzelak},
  title     = {Volatility Parametrizations with Random Coefficients: Analytic Flexibility for Implied Volatility Surfaces},
  journal   = {arXiv preprint arXiv:2411.04041},
  year      = {2024},
  note      = {Available at https://github.com/NFZaugg/ImpliedVolatilityRandomization}
}
